@article{Tautges_2009,
author = "T. Tautges",
title = "Canonical Numbering Systems for Finite-Element Codes",
year = "2009",
journal = "International Journal for Numerical Methods in Biomedical Engineering",
volume = "20",
pages = "1559-1572",
publisher = "John Wiley & Sons, Ltd."
}

@article{Plimpton_2004,
author = "S. Plimpton and B. Hendrickson and J. Stewart",
title = "A parallel rendezvous algorithm for interpolation between multiple grids",
year= "2004",
journal = "Journal of Parallel and Distributed Computing",
volume = "64",
pages = "266-276",
publisher = "Elsevier"
}

@article{Stewart_2004,
author = "J. Stewart and H. Edwards",
title = "A framework approach for developing parallel adaptive multiphysics applications",
year = "2004",
journal = "Finite Elements in Analysis and Design",
volume = "40",
pages = "1599-1617",
publisher = "Elsevier"
}

@article{Berger_1987,
author = "M. Berger and S. Bokhari",
title = "A partitioning strategy for nonuniform problems on multiprocessors",
year = "1987",
journal = "IEEE Transactions on Computing",
pages = "570-580"
}

@article{Bentley_1975,
author = "J. Bentley",
title = "Multidimensional binary search trees used for associative searching",
year = "1975",
journal = "Communications of the ACM",
volume = "18",
issue = "9",
pages = "509-517"
}

@article{Chand_2008,
author = "K. Chand and L. Diachin and C. Ollivier-Gooch and E. Seol and M. Shephard and T. Tautges and H. Trease",
title = "Toward interoperable mesh, geometry and field componenents
                  for {PDE} simulation development",
year = "2008",
journal = "Engineering with Computers",
volume = "24",
pages = "165-182"
}

@book{MPI_1994,
author = "W. Gropp and E. Lusk and A. Skjellum",
title = " Using MPI: portable parallel programming with the message-passing interface",
year = "1994",
publisher = "MIT Press",
}

@book{LeVeque_2007,
author = "R. LeVeque",
title = "Finite Difference Methods for Ordinary and Partial Differential Equations",
year = "2007",
publisher = "Society for Industrial and Applied Mathematics"
}

@article{LIME_2011,
author = "R. Pawlowski and R. Bartlett and N. Belcourt and R. Hooper and R. Schmidt",
title = "A Theory Manual for Multi-physics Code Coupling in LIME",
year = "2011",
publisher = "Sandia National Laboratories",
number = "SAND2011-2195"
}

@ONLINE{CASL_web,
title = {Consortium for the Advanced Simulation of Light Water Reactors ONLINE: {http://www.casl.gov}},
year = {2012},
url = {http://www.casl.gov}
}